%%%%%%%%%%%%%%%%%%%%%%%%%%%%%%%%%%
%%   Things I've read           %%
%%%%%%%%%%%%%%%%%%%%%%%%%%%%%%%%%%

@inproceedings{caesar,
 author = {Perino, Diego and Varvello, Matteo and Linguaglossa, Leonardo and Laufer, Rafael and Boislaigue, Roger},
 title = {{Caesar: A Content Router for High-speed Forwarding on Content Names}},
 booktitle = {Proceedings of the Tenth ACM/IEEE Symposium on Architectures for Networking and Communications Systems},
 series = {ANCS '14},
 year = {2014},
 location = {Los Angeles, California, USA},
 pages = {137--148},
 numpages = {12},
 url = {http://doi.acm.org/10.1145/2658260.2658267},
 acmid = {2658267},
 publisher = {ACM},
 address = {New York, NY, USA},
 keywords = {architecture., forwarding, icn, router},
} 

@inproceedings{ndn_fast_dosresistant,
 author = {So, Won and Narayanan, Ashok and Oran, David},
 title = {{Named Data Networking on a Router: Fast and Dos-resistant Forwarding with Hash Tables}},
 booktitle = {Proceedings of the Ninth ACM/IEEE Symposium on Architectures for Networking and Communications Systems},
 series = {ANCS '13},
 year = {2013},
 location = {San Jose, California, USA},
 pages = {215--226},
 numpages = {12},
 url = {http://dl.acm.org/citation.cfm?id=2537857.2537892},
 acmid = {2537892},
 publisher = {IEEE Press},
 address = {Piscataway, NJ, USA},
 keywords = {hash table, named data networking, packet forwarding engine},
}
 
@inproceedings{clickos,
 author = {Joao Martins and Mohamed Ahmed and Costin Raiciu and Vladimir Olteanu and Michio Honda and Roberto Bifulco and Felipe Huici},
 title = {{ClickOS} and the Art of Network Function Virtualization},
 booktitle = {11th USENIX Symposium on Networked Systems Design and Implementation (NSDI 14)},
 year = {2014},
 month = Apr,
 address = {Seattle, WA},
 pages = {459--473},
 url = {https://www.usenix.org/conference/nsdi14/technical-sessions/presentation/martins},
 publisher = {USENIX Association},
}

@inproceedings{netvm,
 author = {Jinho Hwang and K. K. Ramakrishnan and Timothy Wood},
 title = {{NetVM}: High Performance and Flexible Networking Using Virtualization on Commodity Platforms},
 booktitle = {11th USENIX Symposium on Networked Systems Design and Implementation (NSDI 14)},
 year = {2014},
 month = Apr,
 address = {Seattle, WA},
 pages = {445--458},
 url = {https://www.usenix.org/conference/nsdi14/technical-sessions/presentation/hwang},
 publisher = {USENIX Association},
}

@inproceedings{fastclick,
 author = {Barbette, Tom and Soldani, Cyril and Mathy, Laurent},
 title = {Fast Userspace Packet Processing},
 booktitle = {Proceedings of the Eleventh ACM/IEEE Symposium on Architectures for Networking and Communications Systems},
 series = {ANCS '15},
 year = {2015},
 location = {Oakland, California, USA},
 pages = {5--16},
 numpages = {12},
 url = {http://dl.acm.org/citation.cfm?id=2772722.2772727},
 acmid = {2772727},
 publisher = {IEEE Computer Society},
 address = {Washington, DC, USA},
 keywords = {click modular router, fast packet i/o, high-speed net- working, intel dpdk, multi-queue, netmap, network processing., numa, userspace i/o},
}

@inproceedings{nba,
 author = {Kim, Joongi and Jang, Keon and Lee, Keunhong and Ma, Sangwook and Shim, Junhyun and Moon, Sue},
 title = {NBA (Network Balancing Act): A High-performance Packet Processing Framework for Heterogeneous Processors},
 booktitle = {Proceedings of the Tenth European Conference on Computer Systems},
 series = {EuroSys '15},
 year = {2015},
 isbn = {978-1-4503-3238-5},
 location = {Bordeaux, France},
 pages = {22:1--22:14},
 articleno = {22},
 numpages = {14},
 url = {http://doi.acm.org/10.1145/2741948.2741969},
 doi = {10.1145/2741948.2741969},
 acmid = {2741969},
 publisher = {ACM},
 address = {New York, NY, USA},
}

@article{waterwall,
 author={Maccari, Leonardo and Lo Cigno, Renato},
 title={Waterwall: a cooperative, distributed firewall for wireless mesh networks},
 year={2013},
 journal={EURASIP Journal on Wireless Communications and Networking},
 eid={225},
 volume={2013},
 number={1},
 url={http://dx.doi.org/10.1186/1687-1499-2013-225},
 publisher={Springer International Publishing},
 language={English}
}

misc{dpdk,
 title = {{DPDK}: Data Plane Development Kit},
 url = http://dpdk.org
}

@online{dpdk,
  title = {{DPDK}: Data Plane Development Kit},
  url = {http://dpdk.org},
  urldate = {2015-07-08}
}

%%%%%%%%%%%%%%%%%%%%%%%%%%%%%%%%%%
%%   Things I haven't read      %%
%%%%%%%%%%%%%%%%%%%%%%%%%%%%%%%%%%

@article{click,
 author = {Kohler, Eddie and Morris, Robert and Chen, Benjie and Jannotti, John and Kaashoek, M. Frans},
 title = {The {Click} Modular Router},
 journal = {ACM Trans. Comput. Syst.},
 issue_date = {Aug. 2000},
 volume = {18},
 number = {3},
 month = aug,
 year = {2000},
 pages = {263--297},
 numpages = {35},
 url = {http://doi.acm.org/10.1145/354871.354874},
 acmid = {354874},
 publisher = {ACM},
 address = {New York, NY, USA},
 keywords = {component systems, routers, software router performance},
}

@inproceedings{netmap,
 author = {Luigi Rizzo},
 title = {{netmap}: A Novel Framework for Fast Packet {I/O}},
 booktitle = {21st USENIX Security Symposium (USENIX Security 12)},
 year = {2012},
 month = Aug,
 isbn = {978-931971-93-5},
 address = {Bellevue, WA},
 pages = {101--112},
 url = {https://www.usenix.org/conference/usenixsecurity12/technical-sessions/presentation/rizzo},
 publisher = {USENIX Association},
}
 
% Alla fine ho solo messo il link in footnote, se lo uso di piu` magari lo cito
article{xen,
 author = {Barham, Paul and Dragovic, Boris and Fraser, Keir and Hand, Steven and Harris, Tim and Ho, Alex and Neugebauer, Rolf and Pratt, Ian and Warfield, Andrew},
 title = {Xen and the Art of Virtualization},
 journal = {SIGOPS Oper. Syst. Rev.},
 issue_date = {December 2003},
 volume = {37},
 number = {5},
 month = oct,
 year = {2003},
 pages = {164--177},
 numpages = {14},
 url = {http://doi.acm.org/10.1145/1165389.945462},
 acmid = {945462},
 publisher = {ACM},
 address = {New York, NY, USA},
 keywords = {hypervisors, paravirtualization, virtual machine monitors},
} 

%%%%%%%%%%%%%%%%%%%%%%%%%%%%%%%%%%
%% Commented entries from my bachelor thesis follow, may be useful as templates
%%%%%%%%%%%%%%%%%%%%%%%%%%%%%%%%%%

phdthesis{phd-holleczek,
  title = {Modeling and shaping skiing traffic},
  author = {Holleczek, Thomas Martin},
  school = {ETH},
  year = {2012},
}

book{traffic-gravity-model,
  title={The Gravity Model in Transportation Analysis: Theory and Extensions},
  author={Erlander, S. and Stewart, N.F.},
  series={Topics in Transportation},
  year={1990},
  publisher={VSP}
}

article{traffic-crowds-model,
 author = {Bellomo, Nicola and Dogbe, Christian},
 title = {On the Modeling of Traffic and Crowds: A Survey of Models, Speculations, and Perspectives},
 journal = {SIAM Rev.},
 volume = {53},
 number = {3},
 year = {2011},
 pages = {409--463},
 numpages = {55},
 publisher = {Society for Industrial and Applied Mathematics},
}

Paper SIMON
http://www.iss.it/binary/ampp/cont/SIMON_def.1128601358.pdf
M.Giustini et al. <i>Sistema SIMON – Sorveglianza degli Incidenti in Montagna</i>, documento ISS, OS/AMPP/RT/267, aprile 2005 
NB: ho improvvisato l'entry qui sotto, da rivedere
article{simon,
  title = {Sistema SIMON – Sorveglianza degli Incidenti in Montagna},
  author = {M.Giustini et al.},
  institution = {Istituto Superiore di Sanit\`a},
  year = {2005},
  journal = {OS/AMPP/RT/267}
}

article{rthin-algorithm,
  author    = {Ben-Kwei Jang and
               Roland T. Chin},
  title     = {Analysis of Thinning Algorithms Using Mathematical Morphology},
  journal   = {IEEE Trans. Pattern Anal. Mach. Intell.},
  volume    = {12},
  number    = {6},
  year      = {1990},
  pages     = {541-551},
}

inproceedings{skeletonization1,
  author = {Haunert, J.-H. and Sester, M.},
  booktitle = {Proceedings of the 7th ICA Workshop on Generalisation and Multiple Representation, August 20--21, 2004, Leicester, UK},
  title = {Using the straight skeleton for generalisation in a multiple representation environment},
  year = 2004
}

Software and libraries

book{grass,
    author = {Neteler, M. and Mitasova, H.},
    pages = {406},
    publisher = {Springer, New York},
    title = {{Open Source GIS : A GRASS GIS Approach, Third Edition (The International Series in Engineering and Computer Science)}},
    volume = {773},
    year = {2008}
}
book{postgis,
  title={PostGIS in Action},
  author={Obe, R.O. and Hsu, L.S.},
  series={In Action},
  year={2011},
  publisher={Manning Publications Company}
}
manual{qgis,
  title = {QGIS Geographic Information System},
  author = {{QGIS Development Team}},
  organization = {Open Source Geospatial Foundation},
  year = {2009},
}
article{igraph,
  title = {The igraph software package for complex network research},
  author = {Gabor Csardi and Tamas Nepusz},
  journal = {InterJournal},
  volume = {Complex Systems},
  pages = {1695},
  year = {2006},
}
misc{scipy,
  author =    {Eric Jones and Travis Oliphant and Pearu Peterson and others},
  title =     {{SciPy}: Open source scientific tools for {Python}},
  year =      {2001},
}
manual{numpy,
  author       = {Ascher, David and Paul F. Dubois and Konrad Hinsen and James Hugunin and Travis Oliphant},
  year         = 1999,
  title        = {Numerical Python},
  edition      = {UCRL-MA-128569},
  organization = {Lawrence Livermore National Laboratory}
}
article{matplotlib,
  Author    = {Hunter, J. D.},
  Title     = {Matplotlib: A {2D} graphics environment},
  Journal   = {Computing In Science \& Engineering},
  Volume    = {9},
  Number    = {3},
  Pages     = {90--95},
  publisher = {IEEE COMPUTER SOC},
  year      = 2007
}
mastersthesis{pollo,
  author    = {M. Poletti},
  title     = {An open-source implementation of a particle-based model for skiing dynamics},
  school    = {University of Trento},
  type      = {Bachelor Thesis},
  month     = {July},
  year      = {2013}
}
misc{simple-features,
   Key = {{ISO/IEC 19125-1}},
   publisher = {{ISO, Geneva, Switzerland}},
   type = {{Norm}},
   title = {{Geographic information -- Simple feature access -- Part 1: Common architecture}},
   number = {{ISO/IEC 19125-1}},
   year = {{2004}},
}
