davide_kirchner_thesis.bib